<?xml version="1.0" encoding="UTF-8"?><collection xmlns="http://www.loc.gov/MARC21/slim"><record><leader>00529nam--2200193-i-4500</leader><controlfield tag="001">000050104</controlfield><controlfield tag="002">20161230</controlfield><controlfield tag="005">20161230201048</controlfield><controlfield tag="008">060222s1000------------r-----000-0-rus-d</controlfield><datafield ind1=" " ind2=" " tag="040"><subfield code="a">IFIN-HH</subfield></datafield><datafield ind1=" " ind2=" " tag="041"><subfield code="a">rus</subfield></datafield><datafield ind1=" " ind2=" " tag="080"><subfield code="a">539.194</subfield></datafield><datafield ind1="1" ind2=" " tag="100"><subfield code="a">Gribov, L.A</subfield></datafield><datafield ind1="1" ind2="0" tag="245"><subfield code="a">Metodyrascheta elektronno-kolebatelnyh spektrov mnogoatomnyh molekul</subfield><subfield code="c">L.a. gribov, v.i. baranov, b.k. novosadov</subfield></datafield><datafield ind1=" " ind2=" " tag="260"><subfield code="a">Moskva</subfield><subfield code="b">Nauka</subfield><subfield code="c">1984</subfield></datafield><datafield ind1=" " ind2=" " tag="300"><subfield code="a">325S</subfield></datafield><datafield ind1="1" ind2=" " tag="700"><subfield code="a">Novosadov, B.K</subfield></datafield><datafield ind1=" " ind2=" " tag="852"><subfield code="a">72378</subfield><subfield code="c">539.19</subfield></datafield><datafield ind1=" " ind2=" " tag="CAT"><subfield code="a">Sys</subfield><subfield code="c">20120717</subfield><subfield code="h">153755</subfield></datafield></record></collection>